@mastersthesis{Schu15,
  key         ={Schu15},
  author      ={S. Schumb},
  title       ={Hardware Generation for Transport Triggered Architectures},
  editor      ={K. Schneider and A. Bhagyanath},
  howpublished={Bachelor Thesis},
  month       ={March},
  school      ={Department of Computer Science, University of Kaiserslautern, Germany},
  year        ={2015},
  note        ={Bachelor},
  remark      ={rsg}
}
